<record><leader>00000cas a22000007a 4500</leader><controlfield tag="001">15024350</controlfield><controlfield tag="008">861230d19681990inudn ne      0    0eng d</controlfield><datafield ind1=" " ind2=" " tag="010"><subfield code="a">sn 86059167 </subfield></datafield><datafield ind1=" " ind2=" " tag="040"><subfield code="a">NPI</subfield><subfield code="b">eng</subfield><subfield code="c">NPI</subfield><subfield code="d">NSD</subfield><subfield code="d">OCLCQ</subfield></datafield><datafield ind1=" " ind2=" " tag="042"><subfield code="a">msc</subfield></datafield><datafield ind1="0" ind2="4" tag="245"><subfield code="a">The Knox County daily news.</subfield></datafield><datafield ind1=" " ind2=" " tag="260"><subfield code="a">Bicknell, Ind. :</subfield><subfield code="b">J.D. Burton,</subfield><subfield code="c">1968-1990.</subfield></datafield><datafield ind1=" " ind2=" " tag="300"><subfield code="a">25 v. :</subfield><subfield code="b">ill. ;</subfield><subfield code="c">58 cm.</subfield></datafield><datafield ind1=" " ind2=" " tag="310"><subfield code="a">Daily (except Sun. and holidays),</subfield><subfield code="b">&lt;Oct. 1, 1986&gt;-Dec. 8, 1990</subfield></datafield><datafield ind1=" " ind2=" " tag="321"><subfield code="a">Daily (except Sat. and Sun.)</subfield></datafield><datafield ind1="0" ind2=" " tag="362"><subfield code="a">Vol. 49, no. 168 (June 4, 1968)-v. 73, no. 57 (Dec. 8, 1990).</subfield></datafield><datafield ind1=" " ind2=" " tag="752"><subfield code="a">United States</subfield><subfield code="b">Indiana</subfield><subfield code="c">Knox</subfield><subfield code="d">Bicknell.</subfield></datafield><datafield ind1="0" ind2="0" tag="780"><subfield code="t">Bicknell daily news</subfield><subfield code="w">(DLC)sn 86059166</subfield><subfield code="w">(OCoLC)15023776</subfield></datafield><datafield ind1="0" ind2="0" tag="785"><subfield code="t">Morning news-report</subfield><subfield code="x">1054-707X</subfield><subfield code="w">(DLC)sn 90099355</subfield><subfield code="w">(OCoLC)22893174</subfield></datafield></record>